@article{zanlungo2012microscopic,
  title={A microscopic “social norm” model to obtain realistic macroscopic velocity and density pedestrian distributions},
  author={Zanlungo, Francesco and Ikeda, Tetsushi and Kanda, Takayuki},
  journal={PloS one},
  volume={7},
  number={12},
  pages={e50720},
  year={2012},
  publisher={Public Library of Science},
  notes = {social norm on Japanese avoidance}
}

@article{garrell2012cooperative,
  title={Cooperative social robots to accompany groups of people},
  author={Garrell, Anais and Sanfeliu, Alberto},
  journal={The International Journal of Robotics Research},
  volume={31},
  number={13},
  pages={1675--1701},
  year={2012},
  publisher={SAGE Publications Sage UK: London, England},
  notes={SFM parameter learning for companion robots }
}
@inproceedings{bennewitz2002learning,
  title={Learning motion patterns of persons for mobile service robots},
  author={Bennewitz, Maren and Burgard, Wolfram and Thrun, Sebastian},
  booktitle={Robotics and Automation, 2002. Proceedings. ICRA'02. IEEE International Conference on},
  volume={4},
  pages={3601--3606},
  year={2002},
  organization={IEEE}
}
@inproceedings{trautman2010unfreezing,
  title={Unfreezing the robot: Navigation in dense, interacting crowds},
  author={Trautman, Peter and Krause, Andreas},
  booktitle={Intelligent Robots and Systems (IROS), 2010 IEEE/RSJ International Conference on},
  pages={797--803},
  year={2010},
  organization={IEEE}
}
@inproceedings{henry2010learning,
  title={Learning to navigate through crowded environments},
  author={Henry, Peter and Vollmer, Christian and Ferris, Brian and Fox, Dieter},
  booktitle={Robotics and Automation (ICRA), 2010 IEEE International Conference on},
  pages={981--986},
  year={2010},
  organization={IEEE}
}
@inproceedings{vasquez2014inverse,
  title={Inverse reinforcement learning algorithms and features for robot navigation in crowds: an experimental comparison},
  author={Vasquez, Dizan and Okal, Billy and Arras, Kai O},
  booktitle={2014 IEEE/RSJ International Conference on Intelligent Robots and Systems},
  pages={1341--1346},
  year={2014},
  organization={IEEE}
}
@inproceedings{abbeel2004apprenticeship,
  title={Apprenticeship learning via inverse reinforcement learning},
  author={Abbeel, Pieter and Ng, Andrew Y},
  booktitle={Proceedings of the twenty-first international conference on Machine learning},
  pages={1},
  year={2004},
  organization={ACM}
}
@inproceedings{ratliff2006maximum,
  title={Maximum margin planning},
  author={Ratliff, Nathan D and Bagnell, J Andrew and Zinkevich, Martin A},
  booktitle={Proceedings of the 23rd international conference on Machine learning},
  pages={729--736},
  year={2006},
  organization={ACM}
}
@inproceedings{treuille2006continuum,
  title={Continuum crowds},
  author={Treuille, Adrien and Cooper, Seth and Popovi{\'c}, Zoran},
  booktitle={ACM Transactions on Graphics (TOG)},
  volume={25},
  number={3},
  pages={1160--1168},
  year={2006},
  organization={ACM}
}
@article{helbing1995social,
  title={Social force model for pedestrian dynamics},
  author={Helbing, Dirk and Molnar, Peter},
  journal={Physical review E},
  volume={51},
  number={5},
  pages={4282},
  year={1995},
  publisher={APS}
}
@inproceedings{karamouzas2009predictive,
  title={A predictive collision avoidance model for pedestrian simulation},
  author={Karamouzas, Ioannis and Heil, Peter and van Beek, Pascal and Overmars, Mark H},
  booktitle={International Workshop on Motion in Games},
  pages={41--52},
  year={2009},
  organization={Springer}
}
@inproceedings{lamarche2004crowd,
  title={Crowd of virtual humans: a new approach for real time navigation in complex and structured environments},
  author={Lamarche, Fabrice and Donikian, St{\'e}phane},
  booktitle={Computer Graphics Forum},
  volume={23},
  number={3},
  pages={509--518},
  year={2004},
  organization={Wiley Online Library}
}
@inproceedings{papadakis2014adaptive,
  title={Adaptive spacing in human-robot interactions},
  author={Papadakis, Panagiotis and Rives, Patrick and Spalanzani, Anne},
  booktitle={2014 IEEE/RSJ International Conference on Intelligent Robots and Systems},
  pages={2627--2632},
  year={2014},
  organization={IEEE}
}
@inproceedings{godoy2016moving,
  title={Moving in a Crowd: Safe and Efficient Navigation Among Heterogeneous Agents},
  author={Godoy, Julio and Karamouzas, Ioannis and Guy, Stephen J and Gini, Maria},
  booktitle={Proc. Int. Joint Conf. on Artificial Intelligence},
  year={2016}
}
@inproceedings{hansen2004dynamic,
  title={Dynamic programming for partially observable stochastic games},
  author={Hansen, Eric A and Bernstein, Daniel S and Zilberstein, Shlomo},
  booktitle={AAAI},
  volume={4},
  pages={709--715},
  year={2004}
}
@inproceedings{paris2007pedestrian,
  title={Pedestrian reactive navigation for crowd simulation: a predictive approach},
  author={Paris, S{\'e}bastien and Pettr{\'e}, Julien and Donikian, St{\'e}phane},
  booktitle={Computer Graphics Forum},
  volume={26},
  number={3},
  pages={665--674},
  year={2007},
  organization={Wiley Online Library}
}
@article{shiarlisrapidly,
  title={Rapidly Exploring Learning Trees},
  author={Shiarlis, Kyriacos and Messias, Joao and Whiteson, Shimon}
}
@article{baker2009action,
  title={Action understanding as inverse planning},
  author={Baker, Chris L and Saxe, Rebecca and Tenenbaum, Joshua B},
  journal={Cognition},
  volume={113},
  number={3},
  pages={329--349},
  year={2009},
  publisher={Elsevier}
}
@inproceedings{konda1999actor,
  title={Actor-Critic Algorithms.},
  author={Konda, Vijay R and Tsitsiklis, John N},
  booktitle={NIPS},
  volume={13},
  pages={1008--1014},
  year={1999}
}
@article{prokhorov1997adaptive,
  title={Adaptive critic designs},
  author={Prokhorov, Danil V and Wunsch, Donald C},
  journal={IEEE transactions on Neural Networks},
  volume={8},
  number={5},
  pages={997--1007},
  year={1997},
  publisher={IEEE}
}
@inproceedings{ziebart2008maximum,
  title={Maximum Entropy Inverse Reinforcement Learning.},
  author={Ziebart, Brian D and Maas, Andrew L and Bagnell, J Andrew and Dey, Anind K},
  booktitle={AAAI},
  pages={1433--1438},
  year={2008}
}
@inproceedings{sutton1999policy,
  title={Policy Gradient Methods for Reinforcement Learning with Function Approximation.},
  author={Sutton, Richard S and McAllester, David A and Singh, Satinder P and Mansour, Yishay and others},
  booktitle={NIPS},
  volume={99},
  pages={1057--1063},
  year={1999}
}
@article{lever2014deterministic,
  title={Deterministic policy gradient algorithms},
  author={Lever, Guy},
  year={2014}
}
@article{barto1995learning,
  title={Learning to act using real-time dynamic programming},
  author={Barto, Andrew G and Bradtke, Steven J and Singh, Satinder P},
  journal={Artificial Intelligence},
  volume={72},
  number={1},
  pages={81--138},
  year={1995},
  publisher={Elsevier}
}
@inproceedings{bertsekas1995neuro,
  title={Neuro-dynamic programming: an overview},
  author={Bertsekas, Dimitri P and Tsitsiklis, John N},
  booktitle={Decision and Control, 1995., Proceedings of the 34th IEEE Conference on},
  volume={1},
  pages={560--564},
  year={1995},
  organization={IEEE}
}
@article{sutton1988learning,
  title={Learning to predict by the methods of temporal differences},
  author={Sutton, Richard S},
  journal={Machine learning},
  volume={3},
  number={1},
  pages={9--44},
  year={1988},
  publisher={Springer}
}
@inproceedings{deisenroth2011pilco,
  title={PILCO: A model-based and data-efficient approach to policy search},
  author={Deisenroth, Marc and Rasmussen, Carl E},
  booktitle={Proceedings of the 28th International Conference on machine learning (ICML-11)},
  pages={465--472},
  year={2011}
}
@inproceedings{abbeel2006using,
  title={Using inaccurate models in reinforcement learning},
  author={Abbeel, Pieter and Quigley, Morgan and Ng, Andrew Y},
  booktitle={Proceedings of the 23rd international conference on Machine learning},
  pages={1--8},
  year={2006},
  organization={ACM}
}
@article{williams1992simple,
  title={Simple statistical gradient-following algorithms for connectionist reinforcement learning},
  author={Williams, Ronald J},
  journal={Machine learning},
  volume={8},
  number={3-4},
  pages={229--256},
  year={1992},
  publisher={Springer}
}
@book{sutton1998reinforcement,
  title={Reinforcement learning: An introduction},
  author={Sutton, Richard S and Barto, Andrew G},
  volume={1},
  number={1},
  year={1998},
  publisher={MIT press Cambridge}
}
@article{peters2008natural,
  title={Natural actor-critic},
  author={Peters, Jan and Schaal, Stefan},
  journal={Neurocomputing},
  volume={71},
  number={7},
  pages={1180--1190},
  year={2008},
  publisher={Elsevier}
}
@article{mulling2011biomimetic,
  title={A biomimetic approach to robot table tennis},
  author={M{\"u}lling, Katharina and Kober, Jens and Peters, Jan},
  journal={Adaptive Behavior},
  volume={19},
  number={5},
  pages={359--376},
  year={2011},
  publisher={SAGE Publications}
}
@inproceedings{tadokoro1995motion,
  title={On motion planning of mobile robots which coexist and cooperate with human},
  author={Tadokoro, Satoshi and Hayashi, Masaki and Manabe, Yasuhiro and Nakami, Yoshihiro and Takamori, Toshi},
  booktitle={Intelligent Robots and Systems 95.'Human Robot Interaction and Cooperative Robots', Proceedings. 1995 IEEE/RSJ International Conference on},
  volume={2},
  pages={518--523},
  year={1995},
  organization={IEEE}
}
@inproceedings{ziebart2009planning,
  title={Planning-based prediction for pedestrians},
  author={Ziebart, Brian D and Ratliff, Nathan and Gallagher, Garratt and Mertz, Christoph and Peterson, Kevin and Bagnell, J Andrew and Hebert, Martial and Dey, Anind K and Srinivasa, Siddhartha},
  booktitle={Intelligent Robots and Systems, 2009. IROS 2009. IEEE/RSJ International Conference on},
  pages={3931--3936},
  year={2009},
  organization={IEEE}
}
@inproceedings{sadigh2016planning,
  title={Planning for autonomous cars that leverages effects on human actions},
  author={Sadigh, Dorsa and Sastry, Shankar and Seshia, Sanjit A and Dragan, Anca D},
  booktitle={Proceedings of the Robotics: Science and Systems Conference (RSS)},
  year={2016}
}
@article{trautman2015robot,
  title={Robot navigation in dense human crowds: Statistical models and experimental studies of human--robot cooperation},
  author={Trautman, Pete and Ma, Jeremy and Murray, Richard M and Krause, Andreas},
  journal={The International Journal of Robotics Research},
  volume={34},
  number={3},
  pages={335--356},
  year={2015},
  publisher={SAGE Publications Sage UK: London, England}
}
@inproceedings{pfeiffer2016predicting,
  title={Predicting actions to act predictably: Cooperative partial motion planning with maximum entropy models},
  author={Pfeiffer, Mark and Schwesinger, Ulrich and Sommer, Hannes and Galceran, Enric and Siegwart, Roland},
  booktitle={Intelligent Robots and Systems (IROS), 2016 IEEE/RSJ International Conference on},
  pages={2096--2101},
  year={2016},
  organization={IEEE}
}
@article{johnsonnovel,
  title={A Novel Relationship Between Dynamics and Complexity in Multi-agent Collision Avoidance},
  author={Johnson, Jeffrey Kane}
}
@inproceedings{dragan2013legibility,
  title={Legibility and predictability of robot motion},
  author={Dragan, Anca D and Lee, Kenton CT and Srinivasa, Siddhartha S},
  booktitle={Human-Robot Interaction (HRI), 2013 8th ACM/IEEE International Conference on},
  pages={301--308},
  year={2013},
  organization={IEEE}
}
@inproceedings{kruse2012legible,
  title={Legible robot navigation in the proximity of moving humans},
  author={Kruse, Thibault and Basili, Patrizia and Glasauer, Stefan and Kirsch, Alexandra},
  booktitle={Advanced Robotics and its Social Impacts (ARSO), 2012 IEEE Workshop on},
  pages={83--88},
  year={2012},
  organization={IEEE}
}
@inproceedings{lichtenthaler2012influence,
  title={Influence of legibility on perceived safety in a virtual human-robot path crossing task},
  author={Lichtenth{\"a}ler, Christina and Lorenzy, Tamara and Kirsch, Alexandra},
  booktitle={RO-MAN, 2012 IEEE},
  pages={676--681},
  year={2012},
  organization={IEEE}
}
@inproceedings{kuderer2012feature,
  title={Feature-Based Prediction of Trajectories for Socially Compliant Navigation.},
  author={Kuderer, Markus and Kretzschmar, Henrik and Sprunk, Christoph and Burgard, Wolfram},
  booktitle={Robotics: science and systems},
  year={2012}
}
@inproceedings{kuderer2014online,
  title={Online generation of homotopically distinct navigation paths},
  author={Kuderer, Markus and Sprunk, Christoph and Kretzschmar, Henrik and Burgard, Wolfram},
  booktitle={Robotics and Automation (ICRA), 2014 IEEE International Conference on},
  pages={6462--6467},
  year={2014},
  organization={IEEE}
}
@inproceedings{kretzschmar2014learning,
  title={Learning to predict trajectories of cooperatively navigating agents},
  author={Kretzschmar, Henrik and Kuderer, Markus and Burgard, Wolfram},
  booktitle={Robotics and Automation (ICRA), 2014 IEEE International Conference on},
  pages={4015--4020},
  year={2014},
  organization={IEEE}
}
@inproceedings{nikolaidis2017game,
  title={Game-Theoretic Modeling of Human Adaptation in Human-Robot Collaboration},
  author={Nikolaidis, Stefanos and Nath, Swaprava and Procaccia, Ariel D and Srinivasa, Siddhartha},
  booktitle={Proceedings of the 2017 ACM/IEEE International Conference on Human-Robot Interaction},
  pages={323--331},
  year={2017},
  organization={ACM}
}
@inproceedings{nikolaidis2016formalizing,
  title={Formalizing human-robot mutual adaptation: A bounded memory model},
  author={Nikolaidis, Stefanos and Kuznetsov, Anton and Hsu, David and Srinivasa, Siddhartha},
  booktitle={Human-Robot Interaction (HRI), 2016 11th ACM/IEEE International Conference on},
  pages={75--82},
  year={2016},
  organization={IEEE}
}
@inproceedings{bai2015intention,
  title={Intention-aware online POMDP planning for autonomous driving in a crowd},
  author={Bai, Haoyu and Cai, Shaojun and Ye, Nan and Hsu, David and Lee, Wee Sun},
  booktitle={Robotics and Automation (ICRA), 2015 IEEE International Conference on},
  pages={454--460},
  year={2015},
  organization={IEEE}
}
@inproceedings{sezer2015towards,
  title={Towards autonomous navigation of unsignalized intersections under uncertainty of human driver intent},
  author={Sezer, Volkan and Bandyopadhyay, Tirthankar and Rus, Daniela and Frazzoli, Emilio and Hsu, David},
  booktitle={Intelligent Robots and Systems (IROS), 2015 IEEE/RSJ International Conference on},
  pages={3578--3585},
  year={2015},
  organization={IEEE}
}
@inproceedings{pettre2009experiment,
  title={Experiment-based modeling, simulation and validation of interactions between virtual walkers},
  author={Pettr{\'e}, Julien and Ond{\v{r}}ej, Jan and Olivier, Anne-H{\'e}l{\`e}ne and Cretual, Armel and Donikian, St{\'e}phane},
  booktitle={Proceedings of the 2009 ACM SIGGRAPH/Eurographics Symposium on Computer Animation},
  pages={189--198},
  year={2009},
  organization={ACM}
}
@inproceedings{kruse2014evaluating,
  title={Evaluating directional cost models in navigation},
  author={Kruse, Thibault and Kirsch, Alexandra and Khambhaita, Harmish and Alami, Rachid},
  booktitle={Proceedings of the 2014 ACM/IEEE international conference on Human-robot interaction},
  pages={350--357},
  year={2014},
  organization={ACM}
}
@article{kruse2013human,
  title={Human-aware robot navigation: A survey},
  author={Kruse, Thibault and Pandey, Amit Kumar and Alami, Rachid and Kirsch, Alexandra},
  journal={Robotics and Autonomous Systems},
  volume={61},
  number={12},
  pages={1726--1743},
  year={2013},
  publisher={Elsevier}
}
@inproceedings{pelechano2007controlling,
  title={Controlling individual agents in high-density crowd simulation},
  author={Pelechano, Nuria and Allbeck, Jan M and Badler, Norman I},
  booktitle={Proceedings of the 2007 ACM SIGGRAPH/Eurographics symposium on Computer animation},
  pages={99--108},
  year={2007},
  organization={Eurographics Association}
  note={with impatient human simulation}
}

